@article { daniels,
    author  = "Daniels Whatever",
    title   = "Whatverer",
    year    = "1745" }

@article { BoundsDart,
    author  = "N.M Bounds and S. Dart",
    title   = "Software Configuration Management Handbook, Chapter 11 Software Configuration Management Plan",
    year    = "1988" }

@article { SCMPLAN,
    author  = "Alexis Leon",
    title   = "CM Plans: The Beginning to Your CM Solution",
    year    = "2004" }

